<?xml version="1.0" encoding="UTF-8"?>
<record xmlns="http://www.loc.gov/MARC21/slim">
   <leader>01310cam a2200277   4500</leader>
   <controlfield tag="001">2750747</controlfield>
   <controlfield tag="003">NjP</controlfield>
   <controlfield tag="005">20171010172020.0</controlfield>
   <controlfield tag="008">870224m19701974iq h     b    000 0 ara  </controlfield>
   <datafield tag="024" ind1="7" ind2=" ">
      <subfield code="a">princeton_aco004971</subfield>
      <subfield code="2">local</subfield>
   </datafield>
   <datafield ind1=" " ind2=" " tag="010">
      <subfield code="a">   71962714 /NE </subfield>
   </datafield>
   <datafield ind1=" " ind2=" " tag="035">
      <subfield code="a">(OCoLC)ocm15233093</subfield>
   </datafield>
   <datafield ind1=" " ind2=" " tag="035">
      <subfield code="9">CNE2897TS</subfield>
   </datafield>
   <datafield ind1=" " ind2=" " tag="040">
      <subfield code="a">DLC</subfield>
      <subfield code="c">WAU</subfield>
      <subfield code="d">WAU</subfield>
      <subfield code="d">PUL</subfield>
   </datafield>
   <datafield ind1="0" ind2=" " tag="050">
      <subfield code="a">JC49</subfield>
      <subfield code="b">.S55</subfield>
   </datafield>
   <datafield ind1="1" ind2=" " tag="100">
      <subfield code="a">Simanānī, ʻAlī ibn Muḥammad,</subfield>
      <subfield code="d">-1106.</subfield>
      <subfield code="0">http://id.loc.gov/authorities/names/n85370064</subfield>
   </datafield>
   <datafield ind1="1" ind2="0" tag="245">
      <subfield code="a">Rawḍat al-quḍāh wa-ṭarīq al-najāh,</subfield>
      <subfield code="c">li-Abī al-Qāsim ʻAlī ibn Muḥammad ibn Aḥmad al-Raḥbī al-Simanānī. Ḥaqqaqahā wa-qaddama la-ha wa-tarjama li-muṣannifihā Ṣalāḥ al-Dīn Nāhī.</subfield>
   </datafield>
   <datafield ind1=" " ind2=" " tag="260">
      <subfield code="a">Baghdād,</subfield>
      <subfield code="b">Maṭbaʻat Asʻad,</subfield>
      <subfield code="c">1970-1974.</subfield>
   </datafield>
   <datafield ind1=" " ind2=" " tag="300">
      <subfield code="a">4 v.</subfield>
      <subfield code="b">facsims.</subfield>
      <subfield code="c">26 cm.</subfield>
   </datafield>
   <datafield ind1=" " ind2="0" tag="440">
      <subfield code="a">Dirāsāt Islāmīyah, ahamm al-makhṭūṭat fiqhīyah,</subfield>
      <subfield code="v">4</subfield>
   </datafield>
   <datafield ind1=" " ind2=" " tag="504">
      <subfield code="a">Includes bibliographies.</subfield>
   </datafield>
   <datafield ind1=" " ind2="0" tag="650">
      <subfield code="a">Justice, Administration of (Islamic law)</subfield>
      <subfield code="0">http://id.loc.gov/authorities/subjects/sh85071130</subfield>
   </datafield>
   <datafield ind1="1" ind2=" " tag="700">
      <subfield code="a">Nāhī, Ṣalāḥ al-Dīn ʻAbd al-Laṭīf.</subfield>
   </datafield>
   <datafield ind1=" " ind2=" " tag="945">
      <subfield code="a">F</subfield>
      <subfield code="b">1</subfield>
      <subfield code="c">2274.89541.374</subfield>
      <subfield code="e">v.1-4</subfield>
   </datafield>
   <datafield ind1=" " ind2=" " tag="945">
      <subfield code="a">F</subfield>
      <subfield code="b">2</subfield>
      <subfield code="c">2274.89541.374</subfield>
      <subfield code="e">v.2</subfield>
   </datafield>
   <datafield ind1=" " ind2=" " tag="911">
      <subfield code="a">20000130</subfield>
   </datafield>
   <datafield ind1="0" ind2="1" tag="852">
      <subfield code="0">3061464</subfield>
      <subfield code="b">nec</subfield>
      <subfield code="t">1</subfield>
      <subfield code="h">KBP1572</subfield>
      <subfield code="i">.S563 1970</subfield>
   </datafield>
   <datafield ind1=" " ind2="0" tag="866">
      <subfield code="0">3061464</subfield>
      <subfield code="8">0</subfield>
      <subfield code="a">v.1-4</subfield>
   </datafield>
   <datafield ind1=" " ind2=" " tag="959">
      <subfield code="a">2003-02-10 09:47:17 -0400</subfield>
   </datafield>
</record>
